<?xml version="1.0" encoding="UTF-8"?><collection xmlns="http://www.loc.gov/MARC21/slim"><record><leader>00492nam--2200169-i-4500</leader><controlfield tag="001">000001546</controlfield><controlfield tag="002">20161230</controlfield><controlfield tag="005">20161230201024</controlfield><controlfield tag="008">060222s1000------------r-----000-0-eng-d</controlfield><datafield ind1=" " ind2=" " tag="040"><subfield code="a">IFIN-HH</subfield></datafield><datafield ind1=" " ind2=" " tag="080"><subfield code="a">539.175.3:533.9:621.039.61/62</subfield></datafield><datafield ind1="1" ind2=" " tag="100"><subfield code="a">Dolan, Thomas James</subfield></datafield><datafield ind1="1" ind2="0" tag="245"><subfield code="a">Fusion research</subfield><subfield code="b">Principles, experiments and technology</subfield><subfield code="c">Thomas james dolan</subfield></datafield><datafield ind1=" " ind2=" " tag="260"><subfield code="a">New York, Pergamon Press, 1982</subfield></datafield><datafield ind1=" " ind2=" " tag="500"><subfield code="a">Xii +855p.+dif</subfield></datafield><datafield ind1=" " ind2=" " tag="852"><subfield code="a">49467</subfield><subfield code="c">533.9</subfield></datafield><datafield ind1=" " ind2=" " tag="CAT"><subfield code="a">Sys</subfield><subfield code="c">20100930</subfield><subfield code="h">084649</subfield></datafield></record></collection>